{
  "leader": "04624cam a2200481Ii 4500",
  "fields": [
    {
      "001": "ocm00346163\\"
    },
    {
      "003": "OCoLC"
    },
    {
      "005": "20220104112226.0"
    },
    {
      "008": "720630s1944\\\\\\\\nyuab\\\\\\\\b\\\\\\\\000\\0\\eng\\\\"
    },
    {
      "010": {
        "ind1": "\\",
        "ind2": "\\",
        "subfields": [
          {
            "a": "   44051524 "
          }
        ]
      }
    },
    {
      "040": {
        "ind1": "\\",
        "ind2": "\\",
        "subfields": [
          {
            "a": "DLC"
          },
          {
            "b": "eng"
          },
          {
            "c": "CSU"
          },
          {
            "d": "SER"
          },
          {
            "d": "EL{dollar}"
          },
          {
            "d": "OCL"
          },
          {
            "d": "OCLCQ"
          },
          {
            "d": "MUQ"
          },
          {
            "d": "AGL"
          },
          {
            "d": "OCLCG"
          },
          {
            "d": "HIN"
          },
          {
            "d": "HEBIS"
          },
          {
            "d": "DEBBG"
          },
          {
            "d": "UKMGB"
          },
          {
            "d": "OCLCF"
          },
          {
            "d": "OCLCO"
          },
          {
            "d": "OCLCQ"
          },
          {
            "d": "OCLCO"
          },
          {
            "d": "OCL"
          },
          {
            "d": "NLC"
          },
          {
            "d": "ALMSI"
          },
          {
            "d": "OCLCQ"
          },
          {
            "d": "CSA"
          },
          {
            "d": "OCLCO"
          },
          {
            "d": "SNN"
          },
          {
            "d": "OCLCA"
          },
          {
            "d": "OCLCO"
          },
          {
            "d": "DCHUA"
          },
          {
            "d": "OCLCO"
          },
          {
            "d": "CPO"
          },
          {
            "d": "OCLCO"
          },
          {
            "d": "CSO"
          },
          {
            "d": "OCLCQ"
          },
          {
            "d": "OCLCA"
          },
          {
            "d": "IL4J6"
          },
          {
            "d": "OCLCO"
          },
          {
            "d": "YBM"
          },
          {
            "d": "CFI"
          },
          {
            "d": "OCLCO"
          }
        ]
      }
    },
    {
      "016": {
        "ind1": "7",
        "ind2": "\\",
        "subfields": [
          {
            "a": "CAT10964735"
          },
          {
            "2": "DNAL"
          }
        ]
      }
    },
    {
      "016": {
        "ind1": "7",
        "ind2": "\\",
        "subfields": [
          {
            "a": "001601761"
          },
          {
            "2": "Uk"
          }
        ]
      }
    },
    {
      "016": {
        "ind1": "7",
        "ind2": "\\",
        "subfields": [
          {
            "a": "010864796"
          },
          {
            "2": "Uk"
          }
        ]
      }
    },
    {
      "016": {
        "ind1": "\\",
        "ind2": "\\",
        "subfields": [
          {
            "a": "(AMICUS)000004406582"
          }
        ]
      }
    },
    {
      "019": {
        "ind1": "\\",
        "ind2": "\\",
        "subfields": [
          {
            "a": "56056901"
          },
          {
            "a": "318188318"
          },
          {
            "a": "560688861"
          },
          {
            "a": "1063075471"
          },
          {
            "a": "1171546435"
          },
          {
            "a": "1172902718"
          }
        ]
      }
    },
    {
      "035": {
        "ind1": "\\",
        "ind2": "\\",
        "subfields": [
          {
            "a": "(OCoLC)346163"
          },
          {
            "z": "(OCoLC)56056901"
          },
          {
            "z": "(OCoLC)318188318"
          },
          {
            "z": "(OCoLC)560688861"
          },
          {
            "z": "(OCoLC)1063075471"
          },
          {
            "z": "(OCoLC)1171546435"
          },
          {
            "z": "(OCoLC)1172902718"
          }
        ]
      }
    },
    {
      "043": {
        "ind1": "\\",
        "ind2": "\\",
        "subfields": [
          {
            "a": "cl-----"
          }
        ]
      }
    },
    {
      "050": {
        "ind1": "0",
        "ind2": "4",
        "subfields": [
          {
            "a": "HC165"
          },
          {
            "b": ".H35"
          }
        ]
      }
    },
    {
      "055": {
        "ind1": "\\",
        "ind2": "0",
        "subfields": [
          {
            "a": "HC165.H35"
          }
        ]
      }
    },
    {
      "070": {
        "ind1": "0",
        "ind2": "\\",
        "subfields": [
          {
            "a": "280.16"
          },
          {
            "b": "H24"
          }
        ]
      }
    },
    {
      "072": {
        "ind1": "\\",
        "ind2": "7",
        "subfields": [
          {
            "a": "X700"
          }
        ]
      }
    },
    {
      "082": {
        "ind1": "0",
        "ind2": "4",
        "subfields": [
          {
            "a": "330.98"
          },
          {
            "b": "ECO"
          }
        ]
      }
    },
    {
      "245": {
        "ind1": "0",
        "ind2": "0",
        "subfields": [
          {
            "a": "Economic problems of Latin America /"
          },
          {
            "c": "edited by Seymour E. Harris ..."
          }
        ]
      }
    },
    {
      "250": {
        "ind1": "\\",
        "ind2": "\\",
        "subfields": [
          {
            "a": "1st ed."
          }
        ]
      }
    },
    {
      "260": {
        "ind1": "\\",
        "ind2": "\\",
        "subfields": [
          {
            "a": "New York,"
          },
          {
            "a": "London,"
          },
          {
            "b": "McGraw-Hill Book Co.,"
          },
          {
            "c": "1944."
          }
        ]
      }
    },
    {
      "300": {
        "ind1": "\\",
        "ind2": "\\",
        "subfields": [
          {
            "a": "xiv, 465 pages"
          },
          {
            "b": "frontispiece, illustrations (maps) diagrams"
          },
          {
            "c": "23 cm"
          }
        ]
      }
    },
    {
      "336": {
        "ind1": "\\",
        "ind2": "\\",
        "subfields": [
          {
            "a": "text"
          },
          {
            "b": "txt"
          },
          {
            "2": "rdacontent"
          }
        ]
      }
    },
    {
      "337": {
        "ind1": "\\",
        "ind2": "\\",
        "subfields": [
          {
            "a": "unmediated"
          },
          {
            "b": "n"
          },
          {
            "2": "rdamedia"
          }
        ]
      }
    },
    {
      "338": {
        "ind1": "\\",
        "ind2": "\\",
        "subfields": [
          {
            "a": "volume"
          },
          {
            "b": "nc"
          },
          {
            "2": "rdacarrier"
          }
        ]
      }
    },
    {
      "340": {
        "ind1": "\\",
        "ind2": "\\",
        "subfields": [
          {
            "m": "8vo."
          },
          {
            "2": "rdabf"
          }
        ]
      }
    },
    {
      "504": {
        "ind1": "\\",
        "ind2": "\\",
        "subfields": [
          {
            "a": "Bibliographical foot-notes. \"Sources\": pages 455-456."
          }
        ]
      }
    },
    {
      "505": {
        "ind1": "0",
        "ind2": "\\",
        "subfields": [
          {
            "a": "Introduction: Some major issues, by S.E. Harris.--General considerations: Economic problems of the Latin American republics, by F.A. Waring. War and postwar agricultural problems of Latin America, by L.A. Wheeler.--Central banking and monetary management in Latin America, by Robert Triffin. Fiscal policy and the budget, by H.C. Wallich. Price stabilization programs in Latin America, by S.E. Harris. Exchanges and prices, by S.E. Harris. Inter-American trade policy, by Henry Chalmers. --Special country studies: Argentina, by Miron Burgin. Bolivia, by W.A. Neiswanger and J.R. Nelson. Brazil's economy in the war and after, by C.D. Edwards. Chile, by P.T. Ellsworth. Colombia: with particular reference to price control, by B.W. Lewis and Henry Beitscher. Cuba: sugar and currency, by H.C. Wallich. Haiti, by D.D. Humphrey. Mexico: with special reference to its international economic relations, by N.T. Ness. Paraguay: with particular reference to price control, by G.R. Taylor. Venezuela, by E.G. Bennion. Bibliographical foot-notes. \"Sources\": p. 455-456. Introduction: Some major issues, by S.E. Harris.--General considerations: Economic problems of the Latin American republics, by F.A. Waring. War and postwar agricultural problems of Latin America, by L.A. Wheeler.--Central banking and monetary management in Latin America, by Robert Triffin. Fiscal policy and the budget, by H.C. Wallich. Price stabilization programs in Latin America, by S.E. Harris. Exchanges and prices, by S.E. Harris. Inter-American trade policy, by Henry Chalmers."
          }
        ]
      }
    },
    {
      "520": {
        "ind1": "\\",
        "ind2": "\\",
        "subfields": [
          {
            "a": "--Special country studies: Argentina, by Miron Burgin. Bolivia, by W.A. Neiswanger and J.R. Nelson. Brazil's economy in the war and after, by C.D. Edwards. Chile, by P.T. Ellsworth. Colombia: with particular reference to price control, by B.W. Lewis and Henry Beitscher. Cuba: sugar and currency, by H.C. Wallich. Haiti, by D.D. Humphrey. Mexico: with special reference to its international economic relations, by N.T. Ness. Paraguay: with particular reference to price control, by G.R. Taylor. Venezuela, by E.G. Bennion. Bibliographical foot-notes. \"Sources\": p. 455-456. Introduction: Some major issues, by S.E. Harris.--General considerations: Economic problems of the Latin American republics, by F.A. Waring. War and postwar agricultural problems of Latin America, by L.A. Wheeler.--Central banking and monetary management in Latin America, by Robert Triffin. Fiscal policy and the budget, by H.C. Wallich. Price stabilization programs in Latin America, by S.E. Harris. Exchanges and prices, by S.E. Harris. Inter-American trade policy, by Henry Chalmers."
          }
        ]
      }
    },
    {
      "651": {
        "ind1": "\\",
        "ind2": "0",
        "subfields": [
          {
            "a": "Latin America"
          },
          {
            "x": "Economic conditions"
          },
          {
            "y": "1918-1945."
          }
        ]
      }
    },
    {
      "650": {
        "ind1": "\\",
        "ind2": "7",
        "subfields": [
          {
            "a": "Economic history."
          },
          {
            "2": "fast"
          },
          {
            "0": "(OCoLC)fst00901974"
          }
        ]
      }
    },
    {
      "651": {
        "ind1": "\\",
        "ind2": "7",
        "subfields": [
          {
            "a": "Latin America."
          },
          {
            "2": "fast"
          },
          {
            "0": "(OCoLC)fst01245945"
          }
        ]
      }
    },
    {
      "648": {
        "ind1": "\\",
        "ind2": "7",
        "subfields": [
          {
            "a": "1918-1945"
          },
          {
            "2": "fast"
          }
        ]
      }
    },
    {
      "700": {
        "ind1": "1",
        "ind2": "\\",
        "subfields": [
          {
            "a": "Harris, Seymour Edwin,"
          },
          {
            "d": "1897-1974,"
          },
          {
            "e": "editor."
          }
        ]
      }
    },
    {
      "776": {
        "ind1": "0",
        "ind2": "8",
        "subfields": [
          {
            "i": "Online version:"
          },
          {
            "a": "Harris, Seymour Edwin, 1897-1974."
          },
          {
            "t": "Economic problems of Latin America."
          },
          {
            "b": "1st ed."
          },
          {
            "d": "New York, London, McGraw-Hill Book Co., 1944"
          },
          {
            "w": "(OCoLC)580922846"
          }
        ]
      }
    },
    {
      "994": {
        "ind1": "\\",
        "ind2": "\\",
        "subfields": [
          {
            "a": "Z0"
          },
          {
            "b": "NYRVC"
          }
        ]
      }
    },
    {
      "948": {
        "ind1": "\\",
        "ind2": "\\",
        "subfields": [
          {
            "h": "NO HOLDINGS IN NYRVC - 410 OTHER HOLDINGS"
          }
        ]
      }
    },
    {
      "999": {
        "ind1": "\\",
        "ind2": "\\",
        "subfields": [
          {
            "a": "00000000015481"
          }
        ]
      }
    }
  ]
}